<record><leader>00000cas a22000007a 4500</leader><controlfield tag="001">11265243</controlfield><controlfield tag="008">841015d18711927iauwr ne      0    0eng d</controlfield><datafield ind1=" " ind2=" " tag="010"><subfield code="a">sn 84038309 </subfield></datafield><datafield ind1=" " ind2=" " tag="040"><subfield code="a">NPX</subfield><subfield code="b">eng</subfield><subfield code="c">NPX</subfield><subfield code="d">INP</subfield><subfield code="d">OCLCQ</subfield></datafield><datafield ind1=" " ind2=" " tag="042"><subfield code="a">msc</subfield></datafield><datafield ind1="0" ind2="0" tag="245"><subfield code="a">Marengo Republican.</subfield></datafield><datafield ind1=" " ind2=" " tag="260"><subfield code="a">Marengo, Iowa :</subfield><subfield code="b">Spering &amp; Crenshaw,</subfield><subfield code="c">1871-1927.</subfield></datafield><datafield ind1=" " ind2=" " tag="300"><subfield code="a">61 v. :</subfield><subfield code="b">ill. ;</subfield><subfield code="c">69-70 cm.</subfield></datafield><datafield ind1=" " ind2=" " tag="310"><subfield code="a">Weekly</subfield></datafield><datafield ind1="0" ind2=" " tag="362"><subfield code="a">Vol. 10, no. 8 (Sept. 8, 1871)-v. 70, no. 31 (Sept. 14, 1927).</subfield></datafield><datafield ind1=" " ind2=" " tag="500"><subfield code="a">Numerous special editions published.</subfield></datafield><datafield ind1=" " ind2=" " tag="500"><subfield code="a">Publisher varies.</subfield></datafield><datafield ind1=" " ind2=" " tag="500"><subfield code="a">"Fred Hess' farm and stock section" issued biweekly, Jan. 5, 1921-Mar. 9, 1921.</subfield></datafield><datafield ind1=" " ind2=" " tag="500"><subfield code="a">"Of interest from farmers ... to farmers."</subfield></datafield><datafield ind1=" " ind2=" " tag="500"><subfield code="a">Originally edited by: Frank E. Spering and H.R. Crenshaw.</subfield></datafield><datafield ind1=" " ind2=" " tag="752"><subfield code="a">United States</subfield><subfield code="b">Iowa</subfield><subfield code="c">Iowa</subfield><subfield code="d">Marengo.</subfield></datafield><datafield ind1="0" ind2="0" tag="780"><subfield code="t">Progressive Republican</subfield><subfield code="w">(DLC)sn 85049569</subfield></datafield><datafield ind1="0" ind2="5" tag="780"><subfield code="t">Marengo herald</subfield><subfield code="w">(DLC)sn 85049650</subfield></datafield><datafield ind1="0" ind2="7" tag="785"><subfield code="t">Marengo pioneer and the Marengo Democrat</subfield><subfield code="w">(DLC)sn 85049647</subfield></datafield><datafield ind1="0" ind2="7" tag="785"><subfield code="t">Pioneer-Republican of Iowa County</subfield><subfield code="w">(DLC)sn 85049648</subfield></datafield><datafield ind1="1" ind2=" " tag="029"><subfield code="a">AU@</subfield><subfield code="b">000025820564</subfield></datafield></record>